@article{bagga2021Survey,
 author = {Bagga, Jay S. and Beineke, Lowell W.},
 title = {A survey of line digraphs and generalizations},
 fjournal = {DML. Discrete Mathematics Letters},
 journal = {DML, Discrete Math. Lett.},
 issn = {2664-2557},
 volume = {6},
 pages = {68--83},
 year = {2021},
 language = {English},
 doi = {10.47443/dml.2021.s109}
}

@article{harary1960Properties,
 author = {Harary, Frank and Norman, Robert Z.},
 title = {Some properties of line digraphs},
 fjournal = {Rendiconti del Circolo Matem{\`a}tico di Palermo. Serie II},
 journal = {Rend. Circ. Mat. Palermo (2)},
 issn = {0009-725X},
 volume = {9},
 pages = {161--168},
 year = {1960},
 language = {English},
 doi = {10.1007/BF02854581}
}

@article{chvatal1990Note,
 author = {Chv{\'a}tal, V. and Ebenegger, C.},
 title = {A note on line digraphs and the directed max-cut problem},
 fjournal = {Discrete Applied Mathematics},
 journal = {Discrete Appl. Math.},
 issn = {0166-218X},
 volume = {29},
 number = {2-3},
 pages = {165--170},
 year = {1990},
 language = {English},
 doi = {10.1016/0166-218X(90)90141-X}
}

@misc{beineke1968Derived,
 author = {Beineke, L. W.},
 title = {On derived graphs and digraphs},
 year = {1968},
 language = {English},
 howpublished = {Beitr. {Graphentheorie}, {Int}. {Kolloquium} {Manebach} ({DDR}) 1967, 17-23 (1968).}
}